<record><leader>00000cas a2200000 a 4500</leader><controlfield tag="001">16003235</controlfield><controlfield tag="008">870619d191519uunyumr ne      0    0eng c</controlfield><datafield ind1=" " ind2=" " tag="010"><subfield code="a">sn 87070076 </subfield></datafield><datafield ind1=" " ind2=" " tag="040"><subfield code="a">NYS</subfield><subfield code="b">eng</subfield><subfield code="c">NYS</subfield><subfield code="d">OCLCQ</subfield><subfield code="d">OCLCF</subfield><subfield code="d">OCLCO</subfield></datafield><datafield ind1="1" ind2=" " tag="029"><subfield code="a">AU@</subfield><subfield code="b">000023276136</subfield></datafield><datafield ind1=" " ind2=" " tag="042"><subfield code="a">pcc</subfield></datafield><datafield ind1=" " ind2=" " tag="043"><subfield code="a">n-us-ny</subfield></datafield><datafield ind1="0" ind2="4" tag="245"><subfield code="a">The Riverdale news.</subfield></datafield><datafield ind1=" " ind2=" " tag="260"><subfield code="a">Riverdale-on-Hudson, N.Y. :</subfield><subfield code="b">[Riverdale Neighborhood Assoc.],</subfield><subfield code="c">1915-</subfield></datafield><datafield ind1=" " ind2=" " tag="300"><subfield code="a">v. :</subfield><subfield code="b">ill. ;</subfield><subfield code="c">31-36 cm.</subfield></datafield><datafield ind1=" " ind2=" " tag="310"><subfield code="a">Monthly</subfield></datafield><datafield ind1="0" ind2=" " tag="362"><subfield code="a">Vol. 1, no. 1 (Jan. 1915)-</subfield></datafield><datafield ind1=" " ind2=" " tag="500"><subfield code="a">"Riverdale, Fieldston, Van Cortlandt, Hudson Park, Spuyten Duyvil", &lt;Feb. 1916-June 1918&gt;.</subfield></datafield><datafield ind1=" " ind2=" " tag="500"><subfield code="a">"Riverdale, Fieldston, Spuyten Duyvil, Kingsbridge, Marble Hill", &lt;Oct. 1918-Apr. 1920&gt;.</subfield></datafield><datafield ind1=" " ind2=" " tag="500"><subfield code="a">Magazine format &lt;1929-&gt;</subfield></datafield><datafield ind1=" " ind2=" " tag="500"><subfield code="a">Donated to Lehman College as part of the archives of the Riverdale Neighborhood House Historic Collection.</subfield></datafield><datafield ind1=" " ind2=" " tag="530"><subfield code="a">Available on microfilm from: Lehman College, City University of New York and New York State Library.</subfield></datafield><datafield ind1=" " ind2=" " tag="588"><subfield code="a">Latest issue consulted:(Apr., 1942).</subfield></datafield><datafield ind1=" " ind2="0" tag="651"><subfield code="a">Riverdale (New York, N.Y.)</subfield><subfield code="v">Newspapers.</subfield></datafield><datafield ind1=" " ind2="0" tag="651"><subfield code="a">Bronx County (N.Y.)</subfield><subfield code="v">Newspapers.</subfield></datafield><datafield ind1=" " ind2="0" tag="651"><subfield code="a">New York (N.Y.)</subfield><subfield code="v">Newspapers.</subfield></datafield><datafield ind1=" " ind2="7" tag="655"><subfield code="a">Newspapers.</subfield><subfield code="2">fast</subfield><subfield code="0">(OCoLC)fst01423814</subfield></datafield><datafield ind1=" " ind2="7" tag="651"><subfield code="a">New York (State)</subfield><subfield code="z">Bronx County.</subfield><subfield code="2">fast</subfield><subfield code="0">(OCoLC)fst01246823</subfield></datafield><datafield ind1=" " ind2="7" tag="651"><subfield code="a">New York (State)</subfield><subfield code="z">New York.</subfield><subfield code="2">fast</subfield><subfield code="0">(OCoLC)fst01204333</subfield></datafield><datafield ind1=" " ind2="7" tag="651"><subfield code="a">New York (State)</subfield><subfield code="z">New York</subfield><subfield code="z">Riverdale.</subfield><subfield code="2">fast</subfield><subfield code="0">(OCoLC)fst01312562</subfield></datafield><datafield ind1=" " ind2=" " tag="752"><subfield code="a">United States</subfield><subfield code="b">New York</subfield><subfield code="c">Bronx</subfield><subfield code="d">Riverdale.</subfield></datafield><datafield ind1=" " ind2=" " tag="752"><subfield code="a">United States</subfield><subfield code="b">New York</subfield><subfield code="d">New York.</subfield></datafield></record>